<?xml version="1.0" encoding="UTF-8"?>
<marc:record xmlns:marc="http://www.loc.gov/MARC21/slim" xmlns:xsi="http://www.w3.org/2001/XMLSchema-instance" xsi:schemaLocation="http://www.loc.gov/standards/marcxml/schema/MARC21slim.xsd">
  <marc:leader>00000ndm a2200000 u 4500</marc:leader>
  <marc:controlfield tag="001">1001077264</marc:controlfield>
  <marc:controlfield tag="003">DE-633</marc:controlfield>
  <marc:controlfield tag="005">20210711164451.0</marc:controlfield>
  <marc:datafield tag="031" ind1=" " ind2=" ">
    <marc:subfield code="a">1</marc:subfield>
    <marc:subfield code="b">1</marc:subfield>
    <marc:subfield code="c">1</marc:subfield>
    <marc:subfield code="d">All[egr]o</marc:subfield>
    <marc:subfield code="g">C-1</marc:subfield>
    <marc:subfield code="m">S</marc:subfield>
    <marc:subfield code="o">c</marc:subfield>
    <marc:subfield code="p">8.''E6E8EECEFE/DEFEDC'BB/''CCC'B''CEEE/D'A''DD4C8CC/</marc:subfield>
    <marc:subfield code="r">C</marc:subfield>
    <marc:subfield code="t">Domine ad adjuvandum me festina</marc:subfield>
    <marc:subfield code="2">pe</marc:subfield>
  </marc:datafield>
  <marc:datafield tag="031" ind1=" " ind2=" ">
    <marc:subfield code="a">1</marc:subfield>
    <marc:subfield code="b">1</marc:subfield>
    <marc:subfield code="c">2</marc:subfield>
    <marc:subfield code="d">All[egr]o</marc:subfield>
    <marc:subfield code="g">G-2</marc:subfield>
    <marc:subfield code="m">vl 1</marc:subfield>
    <marc:subfield code="o">c</marc:subfield>
    <marc:subfield code="p">8.6{''GG}{8GG}4G8-G/4G8-G4.G{6AB}/{8'''CD''GB}{'''C''CCC}/{'B,B'BB}{A,A'AA}/</marc:subfield>
    <marc:subfield code="r">C</marc:subfield>
    <marc:subfield code="2">pe</marc:subfield>
  </marc:datafield>
  <marc:datafield tag="031" ind1=" " ind2=" ">
    <marc:subfield code="a">1</marc:subfield>
    <marc:subfield code="b">2</marc:subfield>
    <marc:subfield code="c">1</marc:subfield>
    <marc:subfield code="d">All[egr]o</marc:subfield>
    <marc:subfield code="g">C-1</marc:subfield>
    <marc:subfield code="m">S</marc:subfield>
    <marc:subfield code="o">2/4</marc:subfield>
    <marc:subfield code="p">=11/4''CC/C8CC/8'G6GG8A6AA/8GG4-/''C6CC8C6CC/8CC4-/</marc:subfield>
    <marc:subfield code="r">C</marc:subfield>
    <marc:subfield code="t">Dixit Dominus, Domino meo sede a dextris meis</marc:subfield>
    <marc:subfield code="2">pe</marc:subfield>
  </marc:datafield>
  <marc:datafield tag="031" ind1=" " ind2=" ">
    <marc:subfield code="a">1</marc:subfield>
    <marc:subfield code="b">2</marc:subfield>
    <marc:subfield code="c">2</marc:subfield>
    <marc:subfield code="g">G-2</marc:subfield>
    <marc:subfield code="m">vl 1</marc:subfield>
    <marc:subfield code="o">2/4</marc:subfield>
    <marc:subfield code="p">6{'GE8C}{CC}/{6GE8C}{CC}/{6GE8C}{AA}/{GC}4-/{6''GE8C}{AA}/{GC}4-/</marc:subfield>
    <marc:subfield code="r">C</marc:subfield>
    <marc:subfield code="2">pe</marc:subfield>
  </marc:datafield>
  <marc:datafield tag="031" ind1=" " ind2=" ">
    <marc:subfield code="a">1</marc:subfield>
    <marc:subfield code="b">3</marc:subfield>
    <marc:subfield code="c">1</marc:subfield>
    <marc:subfield code="d">Confitebor</marc:subfield>
    <marc:subfield code="g">C-1</marc:subfield>
    <marc:subfield code="m">S</marc:subfield>
    <marc:subfield code="o">2/4</marc:subfield>
    <marc:subfield code="p">=30/4-8-''6EE4DC/8'BG''{D'G}/xFFGG/8.G6A4xF/G-/''CC/</marc:subfield>
    <marc:subfield code="r">C</marc:subfield>
    <marc:subfield code="t">In consilio justorum, et congregatione</marc:subfield>
    <marc:subfield code="2">pe</marc:subfield>
  </marc:datafield>
  <marc:datafield tag="031" ind1=" " ind2=" ">
    <marc:subfield code="a">1</marc:subfield>
    <marc:subfield code="b">3</marc:subfield>
    <marc:subfield code="c">2</marc:subfield>
    <marc:subfield code="g">G-2</marc:subfield>
    <marc:subfield code="m">vl 1</marc:subfield>
    <marc:subfield code="o">2/4</marc:subfield>
    <marc:subfield code="p">4''C'G/{6ED8C}{G,G}/i/i/4'E8-''E/4DC/{6'BA8G}{''D'G}/</marc:subfield>
    <marc:subfield code="r">C</marc:subfield>
    <marc:subfield code="2">pe</marc:subfield>
  </marc:datafield>
  <marc:datafield tag="031" ind1=" " ind2=" ">
    <marc:subfield code="a">1</marc:subfield>
    <marc:subfield code="b">4</marc:subfield>
    <marc:subfield code="c">1</marc:subfield>
    <marc:subfield code="d">All[egr]o</marc:subfield>
    <marc:subfield code="g">C-1</marc:subfield>
    <marc:subfield code="m">S</marc:subfield>
    <marc:subfield code="o">6/4</marc:subfield>
    <marc:subfield code="p">4''ECDE8-E{F6ED}/4E8-E{F6ED}4E8-'G{A6GF}/4G8-E{F6ED}4E8-B{''CD}/</marc:subfield>
    <marc:subfield code="r">C</marc:subfield>
    <marc:subfield code="t">Beatus vir, qui timet Dominum in mandatis eius</marc:subfield>
    <marc:subfield code="2">pe</marc:subfield>
  </marc:datafield>
  <marc:datafield tag="031" ind1=" " ind2=" ">
    <marc:subfield code="a">1</marc:subfield>
    <marc:subfield code="b">4</marc:subfield>
    <marc:subfield code="c">2</marc:subfield>
    <marc:subfield code="g">G-2</marc:subfield>
    <marc:subfield code="m">vl 1</marc:subfield>
    <marc:subfield code="o">6/4</marc:subfield>
    <marc:subfield code="p">4'CEG''C8-C{D6C'B}/4''C8-C{D6C'B}4''C8-'E{F6ED}/4E8-C{D6C,B}4'C8-{GAF}/</marc:subfield>
    <marc:subfield code="r">C</marc:subfield>
    <marc:subfield code="2">pe</marc:subfield>
  </marc:datafield>
  <marc:datafield tag="031" ind1=" " ind2=" ">
    <marc:subfield code="a">1</marc:subfield>
    <marc:subfield code="b">5</marc:subfield>
    <marc:subfield code="c">1</marc:subfield>
    <marc:subfield code="d">Laudate. All[egr]o</marc:subfield>
    <marc:subfield code="g">C-1</marc:subfield>
    <marc:subfield code="m">S</marc:subfield>
    <marc:subfield code="o">12/8</marc:subfield>
    <marc:subfield code="p">=10/8'BBBB{6AG}8A''C'BABA-/4D8G4.E8EA4xF/xF8B4.G8G8''C4.'A/</marc:subfield>
    <marc:subfield code="r">C</marc:subfield>
    <marc:subfield code="t">Sit nomen Domini benedictum, ex hoc nunc</marc:subfield>
    <marc:subfield code="2">pe</marc:subfield>
  </marc:datafield>
  <marc:datafield tag="031" ind1=" " ind2=" ">
    <marc:subfield code="a">1</marc:subfield>
    <marc:subfield code="b">5</marc:subfield>
    <marc:subfield code="c">2</marc:subfield>
    <marc:subfield code="g">G-2</marc:subfield>
    <marc:subfield code="m">vl 1</marc:subfield>
    <marc:subfield code="o">12/8</marc:subfield>
    <marc:subfield code="p">{8'CEG}{''C6C'B''8C}{'AGF}{6EGCDEG}/{EGCDEG}4G8,G{6'EGAB''C'G}{8AGF}/</marc:subfield>
    <marc:subfield code="r">C</marc:subfield>
    <marc:subfield code="2">pe</marc:subfield>
  </marc:datafield>
  <marc:datafield tag="031" ind1=" " ind2=" ">
    <marc:subfield code="a">1</marc:subfield>
    <marc:subfield code="b">6</marc:subfield>
    <marc:subfield code="c">1</marc:subfield>
    <marc:subfield code="g">C-1</marc:subfield>
    <marc:subfield code="m">S</marc:subfield>
    <marc:subfield code="o">2/4</marc:subfield>
    <marc:subfield code="p">2'G/A/B/4''C'G/2A/B/4''C'G/2F/4E''C/</marc:subfield>
    <marc:subfield code="r">C</marc:subfield>
    <marc:subfield code="t">Laudate Dominum, omnes gentes laudate eum omnes populi</marc:subfield>
    <marc:subfield code="2">pe</marc:subfield>
  </marc:datafield>
  <marc:datafield tag="031" ind1=" " ind2=" ">
    <marc:subfield code="a">1</marc:subfield>
    <marc:subfield code="b">6</marc:subfield>
    <marc:subfield code="c">2</marc:subfield>
    <marc:subfield code="g">G-2</marc:subfield>
    <marc:subfield code="m">vl 1</marc:subfield>
    <marc:subfield code="o">2/4</marc:subfield>
    <marc:subfield code="p">8-{'EEE}/-{FFF}/-{FFF}/-{EEE}/-{FFF}/-{FFF}/-{6EF}{8GE}/</marc:subfield>
    <marc:subfield code="r">C</marc:subfield>
    <marc:subfield code="2">pe</marc:subfield>
  </marc:datafield>
  <marc:datafield tag="031" ind1=" " ind2=" ">
    <marc:subfield code="a">1</marc:subfield>
    <marc:subfield code="b">7</marc:subfield>
    <marc:subfield code="c">1</marc:subfield>
    <marc:subfield code="d">Adagio</marc:subfield>
    <marc:subfield code="g">C-1</marc:subfield>
    <marc:subfield code="m">S</marc:subfield>
    <marc:subfield code="o">c</marc:subfield>
    <marc:subfield code="p">=4/2''C4C'B/''CC4.C8C/2'B4B8BB/4''CCC'B/''C-2-/</marc:subfield>
    <marc:subfield code="r">C</marc:subfield>
    <marc:subfield code="t">Magnificat, anima mea Dominum</marc:subfield>
    <marc:subfield code="2">pe</marc:subfield>
  </marc:datafield>
  <marc:datafield tag="031" ind1=" " ind2=" ">
    <marc:subfield code="a">1</marc:subfield>
    <marc:subfield code="b">7</marc:subfield>
    <marc:subfield code="c">2</marc:subfield>
    <marc:subfield code="g">G-2</marc:subfield>
    <marc:subfield code="m">vl 1</marc:subfield>
    <marc:subfield code="o">c</marc:subfield>
    <marc:subfield code="p">{8.6'CCCC}{GGGG}/{''CCCC}{'xFFFF}/2(G){8.6GGGG}/{EEAA}{FFGG}/</marc:subfield>
    <marc:subfield code="r">C</marc:subfield>
    <marc:subfield code="2">pe</marc:subfield>
  </marc:datafield>
  <marc:datafield tag="040" ind1=" " ind2=" ">
    <marc:subfield code="a">DE-633</marc:subfield>
    <marc:subfield code="b">eng</marc:subfield>
  </marc:datafield>
  <marc:datafield tag="041" ind1="0" ind2=" ">
    <marc:subfield code="a">lat</marc:subfield>
  </marc:datafield>
  <marc:datafield tag="100" ind1="1" ind2=" ">
    <marc:subfield code="a">Staromiejski, J.</marc:subfield>
    <marc:subfield code="d">18.sc</marc:subfield>
    <marc:subfield code="j">Ascertained</marc:subfield>
    <marc:subfield code="0">pe41024944</marc:subfield>
  </marc:datafield>
  <marc:datafield tag="240" ind1="1" ind2="0">
    <marc:subfield code="a">Vespers</marc:subfield>
    <marc:subfield code="m">V (4), orch, org</marc:subfield>
    <marc:subfield code="r">C</marc:subfield>
    <marc:subfield code="0">3900116</marc:subfield>
  </marc:datafield>
  <marc:datafield tag="245" ind1="1" ind2="0">
    <marc:subfield code="a">[cover title:] VESPERAE de Sanctis | a Vocibus 9. | Canto | Alto | Tenore | Basso. | Violino 1mo | Violino 2do | Clarino 1mo | Clarino 2do. | et Organo. | Authore del Seg. | Staromieyski</marc:subfield>
  </marc:datafield>
  <marc:datafield tag="260" ind1=" " ind2=" ">
    <marc:subfield code="c">ca. 1750</marc:subfield>
    <marc:subfield code="8">01</marc:subfield>
  </marc:datafield>
  <marc:datafield tag="300" ind1=" " ind2=" ">
    <marc:subfield code="a">11 parts</marc:subfield>
    <marc:subfield code="c">33 (35) x 20 (22,5) cm</marc:subfield>
    <marc:subfield code="8">01</marc:subfield>
  </marc:datafield>
  <marc:datafield tag="500" ind1=" " ind2=" ">
    <marc:subfield code="a">vl 1 and 2 doublets written by two other hands, in D Major</marc:subfield>
    <marc:subfield code="8">01</marc:subfield>
  </marc:datafield>
  <marc:datafield tag="500" ind1=" " ind2=" ">
    <marc:subfield code="a">Inscriptions at the end of parts: S: "Et [illegible] O Ad M. D. G. B V. S. L. O C M O O. S S [illegible]"; A: "Laus Deo I. O. M."; T, B, org: "Laus DEO"; vl 1: "Chwałaż Bogu że amen"; vl 1 (2x): "Amen Laus DEO Et Eju [!] Matri"; vl 2: "amen"; vl 2 (2x): "Laus Deo et Mariae."; clno 1: "Ad M. D. G. B V. M. Ho: OO SS."; clno 2: "Ad M D. G B. V. M: H OO SS".</marc:subfield>
  </marc:datafield>
  <marc:datafield tag="500" ind1=" " ind2=" ">
    <marc:subfield code="a">In inventory of repertoire of Kolegiata NMP in Sandomierz (1793; PL-SAk AKKKS 239 II) the incipit of this piece in D Major.</marc:subfield>
  </marc:datafield>
  <marc:datafield tag="590" ind1=" " ind2=" ">
    <marc:subfield code="a">S, A, T, B</marc:subfield>
    <marc:subfield code="b">3, 3, 3, 3 f.</marc:subfield>
    <marc:subfield code="8">01</marc:subfield>
  </marc:datafield>
  <marc:datafield tag="590" ind1=" " ind2=" ">
    <marc:subfield code="a">vl 1 (2x), 2 (2x)</marc:subfield>
    <marc:subfield code="b">4, 4, 3, 3 f.</marc:subfield>
    <marc:subfield code="8">01</marc:subfield>
  </marc:datafield>
  <marc:datafield tag="590" ind1=" " ind2=" ">
    <marc:subfield code="a">fl 1</marc:subfield>
    <marc:subfield code="b">1 f.</marc:subfield>
    <marc:subfield code="8">01</marc:subfield>
  </marc:datafield>
  <marc:datafield tag="590" ind1=" " ind2=" ">
    <marc:subfield code="a">clno 1, 2</marc:subfield>
    <marc:subfield code="b">1, 1 f.</marc:subfield>
    <marc:subfield code="8">01</marc:subfield>
  </marc:datafield>
  <marc:datafield tag="590" ind1=" " ind2=" ">
    <marc:subfield code="a">org (= bc.fig)</marc:subfield>
    <marc:subfield code="b">4 f.</marc:subfield>
    <marc:subfield code="8">01</marc:subfield>
  </marc:datafield>
  <marc:datafield tag="593" ind1=" " ind2=" ">
    <marc:subfield code="a">Manuscript copy</marc:subfield>
    <marc:subfield code="8">01</marc:subfield>
  </marc:datafield>
  <marc:datafield tag="594" ind1=" " ind2=" ">
    <marc:subfield code="b">S</marc:subfield>
    <marc:subfield code="c">1</marc:subfield>
  </marc:datafield>
  <marc:datafield tag="594" ind1=" " ind2=" ">
    <marc:subfield code="b">A</marc:subfield>
    <marc:subfield code="c">1</marc:subfield>
  </marc:datafield>
  <marc:datafield tag="594" ind1=" " ind2=" ">
    <marc:subfield code="b">T</marc:subfield>
    <marc:subfield code="c">1</marc:subfield>
  </marc:datafield>
  <marc:datafield tag="594" ind1=" " ind2=" ">
    <marc:subfield code="b">B</marc:subfield>
    <marc:subfield code="c">1</marc:subfield>
  </marc:datafield>
  <marc:datafield tag="594" ind1=" " ind2=" ">
    <marc:subfield code="b">vl</marc:subfield>
    <marc:subfield code="c">2</marc:subfield>
  </marc:datafield>
  <marc:datafield tag="594" ind1=" " ind2=" ">
    <marc:subfield code="b">clno</marc:subfield>
    <marc:subfield code="c">2</marc:subfield>
  </marc:datafield>
  <marc:datafield tag="594" ind1=" " ind2=" ">
    <marc:subfield code="b">org</marc:subfield>
    <marc:subfield code="c">1</marc:subfield>
  </marc:datafield>
  <marc:datafield tag="594" ind1=" " ind2=" ">
    <marc:subfield code="a">S, A, T, B, vl (2), clno (2), org</marc:subfield>
  </marc:datafield>
  <marc:datafield tag="599" ind1=" " ind2=" ">
    <marc:subfield code="b">full</marc:subfield>
  </marc:datafield>
  <marc:datafield tag="650" ind1="0" ind2="7">
    <marc:subfield code="a">Vespers</marc:subfield>
    <marc:subfield code="0">25149</marc:subfield>
  </marc:datafield>
  <marc:datafield tag="691" ind1=" " ind2="7">
    <marc:subfield code="a">ŚwierczekK 1965</marc:subfield>
    <marc:subfield code="n">p. 233, 264</marc:subfield>
    <marc:subfield code="0">lit1891</marc:subfield>
  </marc:datafield>
  <marc:datafield tag="691" ind1=" " ind2="7">
    <marc:subfield code="a">MądryB 2013</marc:subfield>
    <marc:subfield code="n">p. 499-502</marc:subfield>
    <marc:subfield code="0">lit41001232</marc:subfield>
  </marc:datafield>
  <marc:datafield tag="691" ind1=" " ind2="7">
    <marc:subfield code="a">SzweykowskiJ 1965</marc:subfield>
    <marc:subfield code="n">p. 15-16</marc:subfield>
    <marc:subfield code="0">lit50005905</marc:subfield>
  </marc:datafield>
  <marc:datafield tag="691" ind1=" " ind2="7">
    <marc:subfield code="a">FMA 26</marc:subfield>
    <marc:subfield code="n">p. 1-18</marc:subfield>
    <marc:subfield code="0">lit50006388</marc:subfield>
  </marc:datafield>
  <marc:datafield tag="691" ind1=" " ind2="7">
    <marc:subfield code="a">FMA 16</marc:subfield>
    <marc:subfield code="n">p. 1-11</marc:subfield>
    <marc:subfield code="0">lit50006389</marc:subfield>
  </marc:datafield>
  <marc:datafield tag="691" ind1=" " ind2="7">
    <marc:subfield code="a">MwDK 1964</marc:subfield>
    <marc:subfield code="0">lit2257</marc:subfield>
  </marc:datafield>
  <marc:datafield tag="691" ind1=" " ind2="7">
    <marc:subfield code="a">PatalasŻ 2016</marc:subfield>
    <marc:subfield code="n">p. 181-194</marc:subfield>
    <marc:subfield code="0">lit41001178</marc:subfield>
  </marc:datafield>
  <marc:datafield tag="691" ind1=" " ind2="7">
    <marc:subfield code="a">WróbelV 2013</marc:subfield>
    <marc:subfield code="n">p. 29-52</marc:subfield>
    <marc:subfield code="0">lit50006390</marc:subfield>
  </marc:datafield>
  <marc:datafield tag="691" ind1=" " ind2="7">
    <marc:subfield code="a">WróbelD 2012</marc:subfield>
    <marc:subfield code="0">lit50006464</marc:subfield>
  </marc:datafield>
  <marc:datafield tag="700" ind1="1" ind2=" ">
    <marc:subfield code="a">Copyist E from Sandomierz</marc:subfield>
    <marc:subfield code="d">18/19</marc:subfield>
    <marc:subfield code="j">Ascertained</marc:subfield>
    <marc:subfield code="0">pe50043664</marc:subfield>
    <marc:subfield code="4">scr</marc:subfield>
  </marc:datafield>
  <marc:datafield tag="730" ind1="0" ind2=" ">
    <marc:subfield code="a">Vesperae de Sanctis</marc:subfield>
    <marc:subfield code="g">RISM</marc:subfield>
    <marc:subfield code="0">50245073</marc:subfield>
  </marc:datafield>
  <marc:datafield tag="852" ind1=" " ind2=" ">
    <marc:subfield code="a">PL-SA</marc:subfield>
    <marc:subfield code="e">Biblioteka Diecezjalna w Sandomierzu</marc:subfield>
    <marc:subfield code="x">ks30003584</marc:subfield>
    <marc:subfield code="c">165/A IV 15</marc:subfield>
    <marc:subfield code="p"/>
    <marc:subfield code="q"/>
    <marc:subfield code="u"/>
    <marc:subfield code="z"/>
  </marc:datafield>
  <marc:datafield tag="980" ind1=" " ind2=" ">
    <marc:subfield code="a">RISM</marc:subfield>
    <marc:subfield code="c">examined</marc:subfield>
  </marc:datafield>
</marc:record>
